<record><leader>00000cas a22000007a 4500</leader><controlfield tag="001">11973796</controlfield><controlfield tag="008">850427d1872187utxudn ne      0    0eng d</controlfield><datafield ind1=" " ind2=" " tag="010"><subfield code="a">sn 85033448 </subfield></datafield><datafield ind1=" " ind2=" " tag="040"><subfield code="a">NPU</subfield><subfield code="b">eng</subfield><subfield code="c">NPU</subfield><subfield code="d">PPM</subfield><subfield code="d">OCLCQ</subfield></datafield><datafield ind1=" " ind2=" " tag="042"><subfield code="a">msc</subfield></datafield><datafield ind1="0" ind2=" " tag="130"><subfield code="a">Waco examiner (Waco, Tex. : 1872 : Daily)</subfield></datafield><datafield ind1="1" ind2="4" tag="245"><subfield code="a">The Waco examiner.</subfield></datafield><datafield ind1=" " ind2=" " tag="260"><subfield code="a">Waco, Tex. :</subfield><subfield code="b">J.W. Downs</subfield></datafield><datafield ind1=" " ind2=" " tag="300"><subfield code="a">v. ;</subfield><subfield code="c">56 cm.</subfield></datafield><datafield ind1=" " ind2=" " tag="310"><subfield code="a">Daily (except Mon.)</subfield></datafield><datafield ind1="1" ind2=" " tag="362"><subfield code="a">Began in 1872?</subfield></datafield><datafield ind1=" " ind2=" " tag="588"><subfield code="a">Description based on: Vol. 1, no. 157 (May 8, 1873).</subfield></datafield><datafield ind1=" " ind2=" " tag="752"><subfield code="a">United States</subfield><subfield code="b">Texas</subfield><subfield code="c">McLennan</subfield><subfield code="d">Waco.</subfield></datafield><datafield ind1="0" ind2=" " tag="775"><subfield code="t">Waco examiner (Waco, Tex. : 1868)</subfield><subfield code="w">(OCoLC)14052329</subfield></datafield><datafield ind1="0" ind2="0" tag="785"><subfield code="t">Waco daily examiner</subfield><subfield code="w">(OCoLC)10283074</subfield></datafield></record>